@online{url:recursionAlgol,
  author = "Maarten van Emden",
  title = "How recursion got into programming: a tale of intrigue, betrayal, {and} advanced programming-language semantics",
  year = 2014,
  url = "https://vanemden.wordpress.com/2014/06/18/how-recursion-got-into-programming-a-comedy-of-errors-3/"
}

@online{url:wrongBinsearch,
  author = "Joshua Bloch",
  title = "Extra, Extra -- Read All About It: Nearly All Binary Searches {and} Mergesorts are Broken",
  year = 2006,
  url = "https://research.googleblog.com/2006/06/extra-extra-read-all-about-it-nearly.html"
}

@online{url:movecopy,
  title = "Why is the copying instruction usually named MOV?",
  year = 2013,
  url = "https://softwareengineering.stackexchange.com/questions/222254/why-is-the-copying-instruction-usually-named-mov"
}

@book{skr:Vuk,
  author = "Mladen Vuković",
  title = "Izračunljivost --- predavanja",
  year = 2015
}

@unpublished{note:EWD831,
   author = "Edsger W. Dijkstra",
   title = "Why numbering should start at zero",
   month = aug,
   year = "1982",
   note = "circulated privately",
   url = "http://www.cs.utexas.edu/users/EWD/ewd08xx/EWD831.PDF"
}

@online{url:calc,
   url = "https://blogs.msdn.microsoft.com/oldnewthing/20160628-00/?p=93765",
   author = "Raymond Chen",
   title = "Why does the Windows calculator generate tiny errors when calculating the square root of a perfect square?"
}

@article{turing,
  title="On computable numbers, with an application to the Entscheidungsproblem",
  author="Alan Mathison Turing",
  journal="Proceedings of the London mathematical society",
  volume="2",
  number="1",
  pages="230--265",
  year="1937",
  publisher="Wiley Online Library"
}

@book{sipser,
  title={Introduction to the Theory of Computation},
  author={Sipser, Michael},
  volume={2},
  year={2006},
  publisher={Thomson Course Technology Boston}
}